@article{Hoover,
  title={Locating blood vessels in retinal images by piecewise threshold probing of a matched filter response},
  author={Hoover, AD and Kouznetsova, Valentina and Goldbaum, Michael},
  journal={Medical Imaging, IEEE Transactions on},
  volume={19},
  number={3},
  pages={203--210},
  year={2000},
  publisher={IEEE}
}
%[1]	A. D. Hoover, V. Kouznetsova, and M. Goldbaum, ※Locating blood vessels in retinal images by piecewise threshold probing
%of a matched filter response,§ IEEE Transactions on Medical Imaging, vol. 19, no. 3, pp. 203每210, 2000.
@article{Li,
  title={Vessel segmentation and width estimation in retinal images using multiscale production of matched filter responses},
  author={Li, Qin and You, Jane and Zhang, David},
  journal={Expert Systems with Applications},
  volume={39},
  number={9},
  pages={7600--7610},
  year={2012},
  publisher={Elsevier}
}
%[2]	Q. Li, J. You, and D. Zhang, ※Vessel segmentation and width estimation in retinal images using multiscale production of matched filter responses,
%§ Expert Systems with Applications, vol. 39, no. 9, pp. 7600每7610, 2011.

@incollection{Frangi,
  title={Multiscale vessel enhancement filtering},
  author={Frangi, Alejandro F and Niessen, Wiro J and Vincken, Koen L and Viergever, Max A},
  booktitle={Medical Image Computing and Computer-Assisted Interventation〞MICCAI＊98},
  pages={130--137},
  year={1998},
  publisher={Springer}
}
%[4]	A. Frangi, W. Niessen, K. Vincken, and M. Viergever, ※Multiscale vessel enhancement filtering,§
%in Medical Image Computing and Computer-Assisted Interventation (MICCAI ＊98), pp. 130每137, 1998.

@inproceedings{Condurache,
  title={Vessel segmentation in angiograms using hysteresis thresholding},
  author={Condurache, Alexandru-Paul and Aach, Til},
  booktitle={IAPR Conference on Machine Vision Applications},
  year={2005},
  organization={Citeseer}
}
%[5]	A. P. Condurache and T. Aach, ※Vessel segmentation in angiograms using hysteresis thresholding,§
%in IAPR Conference On Machine Vision Applications (MVA ＊05), pp. 269每272, 2005

@article{Kirbas,
  title={A review of vessel extraction techniques and algorithms},
  author={Kirbas, Cemil and Quek, Francis},
  journal={ACM Computing Surveys (CSUR)},
  volume={36},
  number={2},
  pages={81--121},
  year={2004},
  publisher={ACM}
}
%[8]	C. Kirbas, F.K. Quek, A review of vessel extraction techniques and algorithms, ACM Comput. Surv. 36 (2) (2004) 81每121.

%======================================Deformable Based Begin======================================
%[23]	A.K. Klein, F. Lee, A.A. Amini, Quantitative coronary angiography with deformable spline models, IEEE Trans.
%Med. Imaging 16 (5) (1997) 468每482.
%[24]	L. Sarry, J.Y. Boire, Three-dimensional tracking of coronary arteries from biplane angiographic sequences using parametrically deformable models, IEEE Trans. Med.
%Imaging 20 (12) (2001) 1341每1351.
%[25]	C. Canero, F. Vilarino, J. Mauri, Predictive (un)distortion model and 3D reconstruction by biplane snakes, IEEE Trans.
%Med. Imaging 21 (9) (2002) 1188每1201.
@article{Deformable1,
  title={Quantitative coronary angiography with deformable spline models},
  author={Klein, Andreas K and Lee, Forester and Amini, Amir A},
  journal={Medical Imaging, IEEE Transactions on},
  volume={16},
  number={5},
  pages={468--482},
  year={1997},
  publisher={IEEE}
}
@article{Deformable2,
  title={Three-dimensional tracking of coronary arteries from biplane angiographic sequences using parametrically deformable models},
  author={Sarry, Laurent and Boire, J-Y},
  journal={Medical Imaging, IEEE Transactions on},
  volume={20},
  number={12},
  pages={1341--1351},
  year={2001},
  publisher={IEEE}
}

@article{Deformable3,
  title={Predictive (un) distortion model and 3-D reconstruction by biplane snakes},
  author={Ca{\~n}ero, Cristina and Vilari{\~n}o, Fernando and Mauri, Josefina and Radeva, Petia},
  journal={Medical Imaging, IEEE Transactions on},
  volume={21},
  number={9},
  pages={1188--1201},
  year={2002},
  publisher={IEEE}
}
%======================================Deformable Based End======================================

%======================================tracking Based Begin======================================
%[13]	S. Park, J. Lee, J. Koo, O. Kwon, S. Hong, Adaptive tracking algorithm based on direction field using ML estimation in angiogram, in:
% Proceedings of the IEEE Conference on Speech and Image Technologies for Computing and Telecommunications, vol. 2, 1997, pp. 671每675.
%[14]	A.C. Dumay, J.J. Gerbrands, J.H. Reiber,
% Automated extraction, labeling and analysis of the coronary vasculature from arteriograms, Yearbook Med. Inform. (1996) 353每363.
%[15]	S.R. Aylward, E. Bullitt,
% Initialization, noise, singularities, and scale in height ridge traversal for tubular object centerline extraction, IEEE Trans. Med. Imaging 21 (2) (2002) 61每75.
%[16]	A. Sen, L. Lan, K.R. Hoffmann,
% Improved coronary vessel tracking using non-linear filter enhanced X-ray angiograms, in: Proceedings of the 19th Annual IEEE/EMBS Conference, Chicago, USA, 1997, pp. 573每576.
%[17]	A. Sen, L. Lan, K. Doi, K.R. Hoffmann, Quantitative evaluation of vessel tracking techniques on coronary angiograms, Med. Phys. 26 (5) (1999) 698每706.
@inproceedings{Tracking1,
  title={Adaptive tracking algorithm based on direction field using ML estimation in angiogram},
  author={Park, Seokil and Lee, Jongshil and Koo, Jayl and Kwon, Ohsang and Hong, Seunghong},
  booktitle={TENCON'97. IEEE Region 10 Annual Conference. Speech and Image Technologies for Computing and Telecommunications., Proceedings of IEEE},
  volume={2},
  pages={671--675},
  year={1997},
  organization={IEEE}
}

@article{Tracking2,
  title={Automated extraction, labelling and analysis of the coronary vasculature from arteriograms},
  author={Dumay, Adrie CM and Gerbrands, Jan J and Reiber, Johan HC},
  journal={The International Journal of Cardiac Imaging},
  volume={10},
  number={3},
  pages={205--215},
  year={1994},
  publisher={Springer}
}

@article{Tracking3,
  title={Initialization, noise, singularities, and scale in height ridge traversal for tubular object centerline extraction},
  author={Aylward, Stephen R and Bullitt, Elizabeth},
  journal={Medical Imaging, IEEE Transactions on},
  volume={21},
  number={2},
  pages={61--75},
  year={2002},
  publisher={IEEE}
}
@inproceedings{Tracking4,
  title={Improved coronary vessel tracking using non-linear filter enhanced X-ray angiograms},
  author={Sen, Anindya and Lan, Li and Hoffmann, Kenneth R},
  booktitle={Engineering in Medicine and Biology Society, 1997. Proceedings of the 19th Annual International Conference of the IEEE},
  volume={2},
  pages={573--576},
  year={1997},
  organization={IEEE}
}
@article{Tracking5,
  title={Quantitative evaluation of vessel tracking techniques on coronary angiograms},
  author={Sen, Anindya and Lan, Li and Doi, Kunio and Hoffmann, Kenneth R},
  journal={Medical Physics},
  volume={26},
  pages={698},
  year={1999}
}

%======================================tracking Based ======================================
@inproceedings{Retinex1,
  title={A modified Retinex for image contrast enhancement and dynamics control},
  author={Orsini, Giuliano and Ramponi, Giovanni and Carrai, Paola and Di Federico, Riccardo},
  booktitle={Image Processing, 2003. ICIP 2003. Proceedings. 2003 International Conference on},
  volume={3},
  pages={III--393},
  year={2003},
  organization={IEEE}
}

%====================================== vessel enhancement begin====================================
@article{manniesing2006vessel,
  title={Vessel enhancing diffusion: A scale space representation of vessel structures},
  author={Manniesing, Rashindra and Viergever, Max A and Niessen, Wiro J},
  journal={Medical Image Analysis},
  volume={10},
  number={6},
  pages={815--825},
  year={2006},
  publisher={Elsevier}
}
%====================================== vessel enhancement end======================================

%====================================== 3-d reconstruction begin ==================================
%Wellnhofer E, Wahle A, Mugaragu I, Gross J, Oswald H, Fleck E (1999)
%Validation of an accurate method for threedimensional reconstruction and quantitative assessment of volumes,lengths and diameters of coronary vascular branches and segments from biplane angiographic projections.
%Int J Card Imaging 15:339每353
@article{Wellnhofer,
  title={Validation of an accurate method for three-dimensional reconstruction and quantitative assessment of volumes, lengths and diameters of coronary vascular branches and segments from biplane angiographic projections},
  author={Wellnhofer, Ernst and Wahle, Andreas and Mugaragu, Ignace and Gross, Joachim and Oswald, Helmut and Fleck, Eckart},
  journal={The International Journal of Cardiac Imaging},
  volume={15},
  number={5},
  pages={339--353},
  year={1999},
  publisher={Springer}
}
% 4.	Messenger J, Chen S, Carroll J, Burchenal J, Kioussopoulos K, Groves B (2000)
% 3-D coronary reconstruction from routine single-plane coronary angiograms: clinical validation and quantitative analysis of the right coronary artery in 100 patients.
% Int J Card Imaging 16:413每427
@article{Messenger,
  title={3D coronary reconstruction from routine single-plane coronary angiograms: clinical validation and quantitative analysis of the right coronary artery in 100 patients},
  author={Messenger, John C and Chen, SY James and Carroll, John D and Burchenal, JEB and Kioussopoulos, Kathy and Groves, Bertron M},
  journal={The International Journal of Cardiac Imaging},
  volume={16},
  number={6},
  pages={413--427},
  year={2000},
  publisher={Springer}
}

%5.	Gollapudi R, Valencia R, Lee S, Wong G, Teirstein P, Price M (2006)
%Utility of three-dimensional reconstruction of coronary angiography to guide percutaneous coronary intervention.
%Catheterization and Cardiovascular Interventions 69:479每482
@article{Gollapudi,
  title={Utility of three-dimensional reconstruction of coronary angiography to guide percutaneous coronary intervention},
  author={Gollapudi, Raghava R and Valencia, Rafael and Lee, Steve S and Wong, Garrett B and Teirstein, Paul S and Price, Matthew J},
  journal={Catheterization and Cardiovascular Interventions},
  volume={69},
  number={4},
  pages={479--482},
  year={2007},
  publisher={Wiley Online Library}
}

% 20.	Movassaghi B, Rasche V, Grass M, Viergever M, Niessen W (2004)
% A quantitative analysis of 3D coronary modeling from two or more projection images.
% IEEE Trans. Med. Imaging 23:1517每1531
@article{Movassaghi,
  title={A quantitative analysis of 3-D coronary modeling from two or more projection images},
  author={Movassaghi, Babak and Rasche, Volker and Grass, Michael and Viergever, Max A and Niessen, Wiro J},
  journal={Medical Imaging, IEEE Transactions on},
  volume={23},
  number={12},
  pages={1517--1531},
  year={2004},
  publisher={IEEE}
}

% 10.	Sprague K (2006) Coronary X-ray angiographic reconstruction and image orientation. Med Phys 3(3):707每718
@article{Sprague,
  title={Coronary x-ray angiographic reconstruction and image orientation},
  author={Sprague, Kevin and Drangova, Maria and Lehmann, Glen and Slomka, Piotr and Levin, David and Chow, Benjamin and others},
  journal={Medical physics},
  volume={33},
  pages={707},
  year={2006}
}

% 17.	Hansis E, Schafer D, Dossel O, Grass M (2008)
% Projectionbased motion compensation for gated coronary artery reconstruction from rotational X-ray angiograms.
% Phys Med Biol 53:3807每3820
@article{Hansis,
  title={Projection-based motion compensation for gated coronary artery reconstruction from rotational x-ray angiograms},
  author={Hansis, E and Sch{\"a}fer, D and D{\"o}ssel, O and Grass, M},
  journal={Physics in medicine and biology},
  volume={53},
  number={14},
  pages={3807},
  year={2008},
  publisher={IOP Publishing}
}

% 18. T. V. Nguyen and J. Sklansky,
% ※Reconstructing the 3-D medial axes of coronary arteries in single-view cine-angiograms,§
% IEEE Trans. Med. Imag., vol. 13, pp. 61每73, Mar. 1994
@article{Nguyen,
  title={Reconstructing the 3-D medial axes of coronary arteries in single-view cineangiograms},
  author={Nguyen, Thinh V and Sklansky, Jack},
  journal={Medical Imaging, IEEE Transactions on},
  volume={13},
  number={1},
  pages={61--73},
  year={1994},
  publisher={IEEE}
}

% M. L. Marcus and K. C. Dellsperger,
% ※Determinants of systolic and diastolic ventricular function,§ Cardiac Imag., pp. 24每38, 1991.
@inproceedings{Marcus,
 author = {M. L. Marcus and K. C. Dellsperger},
 title = {Determinants of systolic and diastolic ventricular function},
 booktitle = {Cardiac Imaging},
 year = {1991},
 pages = {24每38},
}

% J. A. Fessler and A. Macovski,
% ※Object-based 3-D reconstruction of arterial trees from magnetic resonance angiograms,§
% IEEE Trans. Med. Imag., vol. 10, pp. 25每39, Mar. 1991.
@inproceedings{rule_based1,
 author = {J. A. Fessler and A. Macovski},
 title = {Object-based 3-D reconstruction of arterial trees from magnetic resonance angiograms},
 booktitle = {Medical Imaging, IEEE Transactions on},
 volume={10},
 year = {1991},
 pages = {25每39},
}
% I. Liu and Y. Sun,
% ※Fully automated reconstruction of 3-D vascular tree structures from two orthogonal views using computational algorithms and production rules,§
% Opt. Eng., vol. 31, no. 10, pp. 2197每2207, Oct. 1992.
@article{rule_based2,
  title={Fully automated reconstruction of three-dimensional vascular tree structures from two orthogonal views using computational algorithms and productionrules},
  author={Liu, Iching and Sun, Ying},
  journal={Optical Engineering},
  volume={31},
  number={10},
  pages={2197--2207},
  year={1992},
  publisher={International Society for Optics and Photonics}
}

%%--------------------------------------------------------------------------------------------------------------------------------
% J. Philip, ※Estimation of 3-D motion of rigid objects from noisy observations,§ IEEE Trans. Pattern Anal. Machine Intell., vol. 13, pp. 61 每66, Jan. 1991.
@article{close_form1,
  title={Estimation three-dimensional motion of rigid objects from noisy observations},
  author={Philip, Johan},
  journal={Pattern Analysis and Machine Intelligence, IEEE Transactions on},
  volume={13},
  number={1},
  pages={61--66},
  year={1991},
  publisher={IEEE}
}

% F. Cheriet, J. Meunier, J. Lesperance, and M. Bertrand, ※Self-calibration of a stereo system using matched points: Application to biplane X-ray imaging,§ in SPIE Intelligent Robots and Computer Vision XIII: 3D Vision, Product Inspection, and Active Vision Philadelphia, PA, 1994 , vol. 2354, pp. 279每289.
@inproceedings{close_form2,
  title={Self-calibration of a stereo system using matched points: application to biplane x-ray imaging},
  author={Cheriet, Farida and Meunier, Jean and Lesperance, Jacques and Bertrand, Michel J},
  booktitle={Photonics for Industrial Applications},
  pages={279--289},
  year={1994},
  organization={International Society for Optics and Photonics}
}

%%--------------------------------------------------------------------------------------------------------------------------------
% J. Weng, N. Ahuja, and T. S. Huang,
% ※,§ IEEE Trans. Pattern Anal. Machine Intell., vol. 15, pp. 864每884, Sept. 1993.
@article{opti_est1,
  title={Optimal motion and structure estimation},
  author={Weng, Juyang and Ahuja, Narendra and Huang, Thomas S.},
  journal={Pattern Analysis and Machine Intelligence, IEEE Transactions on},
  volume={15},
  number={9},
  pages={864--884},
  year={1993},
  publisher={IEEE}
}

% S.-Y. J. Chen, K. R. Hoffmann, and J. D. Carroll,
% ※Three-dimensional reconstruction of coronary arterial tree based on biplane angiograms,§
% in Proc. SPIE Medical Imaging: Image Processing, vol. 2710, Newport Beach, CA, 1996, pp. 103每114.
@article{opti_est2,
  title={Three-dimensional reconstruction of coronary arterial tree based on biplane angiograms},
  author={Chen, Shiuh-Yung J and Hoffmann, Kenneth R and Carroll, John D},
  journal={Proc SPIE Med Imag: Image Processing},
  volume={2710},
  pages={103--114},
  year={1996}
}

% S.-Y. J. Chen and C. E. Metz,
% ※Improved determination of biplane imaging geometry from two projection images and its application to 3-D reconstruction of coronary arterial trees,§
% Med. Phys., vol. 24, no. 5, pp. 633每654, 1997.
@inproceedings{opti_est3,
 author = {S.-Y. J. Chen and C. E. Metz},
 title = {Improved determination of biplane imaging geometry from two projection images and its application to 3-D reconstruction of coronary arterial trees},
 booktitle = {Med. Phys.},
 volume={24},
 number={5},
 year = {1997},
 pages = {633每654},
}
%%--------------------------------------------------------------------------------------------------------------------------------
% G. Finet and J. Lienard, ※Optimizing coronary angiographic views,§ Int. J. Cardiac Imaging, pt. 1, vol. 1, pp. 53每54, 1995.
@article{opti_view1,
  title={Optimizing coronary angiographic views},
  author={Finet, G and Lienard, J},
  journal={The International Journal of Cardiac Imaging},
  volume={11},
  pages={53--54},
  year={1995},
  publisher={Springer}
}
% Y. Sato, T. Araki, M. Hanayama, H. Natio, and S. Tamura,
% ※A viewpoint determination system for stenosis diagnosis and quantification in coronary angiographic image acquisition,§
% IEEE Trans. Med. Imag., vol. 17, pp. 121每137, Feb. 1998.
@article{opti_view2,
  title={A viewpoint determination system for stenosis diagnosis and quantification in coronary angiographic image acquisition},
  author={Sato, Yoshinobu and Araki, Takahiro and Hanayama, Masayuki and Naito, Hiroaki and Tamura, Shinichi},
  journal={Medical Imaging, IEEE Transactions on},
  volume={17},
  number={1},
  pages={121--137},
  year={1998},
  publisher={IEEE}
}
% S.-Y. J. Chen and J. D. Carroll,
% ※3-D coronary angiography: Improving visualization strategy for coronary interventions,§ in
% What＊s New in Cardiovascular Imaging, J. H. C. Reiber and E. E. van der Wall, Eds. Amsterdam, The Netherlands: Kluwer, 1998, pp. 61每77.
@incollection{opti_view3,
  title={What＊s new in cardiac imaging},
  author={van der Wall, Ernst Evert},
  booktitle={Nuclear Cardiology and Cardiac Magnetic Resonance},
  pages={255--268},
  year={1992},
  publisher={Springer}
}

@article{James_Chen,
  title={3-D reconstruction of coronary arterial tree to optimize angiographic visualization},
  author={Chen, S James and Carroll, John D},
  journal={Medical Imaging, IEEE Transactions on},
  volume={19},
  number={4},
  pages={318--336},
  year={2000},
  publisher={IEEE}
}	

% EDWIN H. LAND An alter native technique for the computation of the designator in the Retinex theory of color vision".
%Proc. Nati. Acad. Sci. USA
% Vol. 83, pp. 3078-3080, May 1986 Physics
@article{Land_Retinex,
  title={An alternative technique for the computation of the designator in the retinex theory of color vision},
  author={Land, Edwin Herbert},
  journal={Proceedings of the National Academy of Sciences},
  volume={83},
  number={10},
  pages={3078--3080},
  year={1986},
  publisher={National Acad Sciences}
}

% JOBSON D J  RA~ MAN Z   OODELL G A . Properties and performance of a center/surround Retinex.
%IEEE Transactions On Image Processing
% 1997  6(3) 451-462 .
@article{JOBSON_Retinex,
  title={Properties and performance of a center/surround retinex},
  author={Jobson, Daniel J and Rahman, Zia-ur and Woodell, Glenn A},
  journal={Image Processing, IEEE Transactions on},
  volume={6},
  number={3},
  pages={451--462},
  year={1997},
  publisher={IEEE}
}

%MOORE A,ALLMAN J, GOODMAN RM. A real-time neural system for color constancy.
%IEEE Trans.Neural Networks
% 1991  2, Z37-247
@article{MOORE_Retinex,
  title={A real-time neural system for color constancy},
  author={Moore, Andrew and Allman, John and Goodman, Rodney M},
  journal={Neural Networks, IEEE Transactions on},
  volume={2},
  number={2},
  pages={237--247},
  year={1991},
  publisher={IEEE}
}

% Multistencils Fast Marching Methods: A Highly Accurate Solution to the Eikonal Equation on Cartesian Domains
% M. Sabry Hassouna, Member, IEEE, and Aly A. Farag, Senior Member, IEEE
% IEEE TRANSACTIONS ON PATTERN ANALYSIS AND MACHINE INTELLIGENCE, VOL. 29, NO. 9, SEPTEMBER 2007
@article{Hassouna,
  title={Multistencils fast marching methods: A highly accurate solution to the eikonal equation on cartesian domains},
  author={Hassouna, M Sabry and Farag, Aly A},
  journal={Pattern Analysis and Machine Intelligence, IEEE Transactions on},
  volume={29},
  number={9},
  pages={1563--1574},
  year={2007},
  publisher={IEEE}
}

% J. Andreas
@techreport{Jakob,
  title={On the implementation of fast marching methods for 3D lattices},
  author={B{\ae}rentzen, Jakob Andreas},
  year={2001}
}
%
@article{lighting_equotion,
  title={Formal connections between lightness algorithms},
  author={Hurlbert, Anya},
  journal={JOSA A},
  volume={3},
  number={10},
  pages={1684--1693},
  year={1986},
  publisher={Optical Society of America}
}



%====================================== 3-d reconstruction end ==================================
